@InProceedings{1,
  author = "Annuario Statistico",
  booktitle = "Italian National Institute of Statistics",
  organization = "Italiano",
  year = "2002",
}

@InProceedings{2,
  booktitle = "U.S. Breast Cancer Statistics",
  url = "https://www.breastcancer.org/symptoms/understand_bc/statistics"
}

@InProceedings{3,
  author = 	 "L. Eurostat",
  booktitle =  "Health statistics Atlas on mortality in the European Union",
  organization = "ser. International series of monographs on physics. Luxembourg: Office
for Official Publications of the European Communities",
  year = 	 "2009",
}

@InProceedings{3,
  author = 	 "Hanan Alshanbari, Saad Amain, James Shuttelworth,Khaled Slman and Shadi Muslam",
  booktitle = "AUTOMATIC SEGMENTATION IN BREAST CANCER USING WATERSHED ALGORITHM",
  organization = "Faculty of Engineering and Computing, Coventry University",
  year = 	 "2015",
}